<record><leader>00000cas a22000007a 4500</leader><controlfield tag="001">16799059</controlfield><controlfield tag="008">871002d18851892ohudr ne      0    0eng d</controlfield><datafield ind1=" " ind2=" " tag="010"><subfield code="a">sn 87076717 </subfield></datafield><datafield ind1=" " ind2=" " tag="040"><subfield code="a">ONP</subfield><subfield code="b">eng</subfield><subfield code="c">ONP</subfield><subfield code="d">OCLCQ</subfield></datafield><datafield ind1=" " ind2=" " tag="042"><subfield code="a">msc</subfield></datafield><datafield ind1="0" ind2=" " tag="130"><subfield code="a">Toledo daily commercial (Toledo, Ohio : 1885)</subfield></datafield><datafield ind1="1" ind2="0" tag="245"><subfield code="a">Toledo daily commercial.</subfield></datafield><datafield ind1=" " ind2=" " tag="260"><subfield code="a">Toledo, Ohio :</subfield><subfield code="b">Toledo Commercial Co.,</subfield><subfield code="c">-1892.</subfield></datafield><datafield ind1=" " ind2=" " tag="310"><subfield code="a">Daily</subfield></datafield><datafield ind1="1" ind2=" " tag="362"><subfield code="a">Began in 1885?</subfield></datafield><datafield ind1="0" ind2=" " tag="362"><subfield code="a">-v. 46th year, no. 296 (Nov. 5, 1892).</subfield></datafield><datafield ind1=" " ind2=" " tag="588"><subfield code="a">Description based on: Vol. 39, no. 134 (July 6, 1886).</subfield></datafield><datafield ind1=" " ind2=" " tag="752"><subfield code="a">United States</subfield><subfield code="b">Ohio</subfield><subfield code="c">Lucas</subfield><subfield code="d">Toledo.</subfield></datafield><datafield ind1="0" ind2=" " tag="775"><subfield code="t">Toledo weekly commercial</subfield><subfield code="w">(DLC)sn 85026285</subfield></datafield><datafield ind1="0" ind2="0" tag="780"><subfield code="t">Commercial morning telegram</subfield><subfield code="w">(DLC)sn 90068009</subfield></datafield><datafield ind1="0" ind2="0" tag="785"><subfield code="t">Toledo commercial (Toledo, Ohio : 1892)</subfield><subfield code="w">(DLC)sn 87076718</subfield></datafield></record>